@article{Gyongyosi_2018,
   title={A Survey on Quantum Channel Capacities},
   volume={20},
   ISSN={2373-745X},
   url={http://dx.doi.org/10.1109/COMST.2017.2786748},
   DOI={10.1109/comst.2017.2786748},
   number={2},
   journal={IEEE Communications Surveys \& Tutorials},
   publisher={Institute of Electrical and Electronics Engineers (IEEE)},
   author={Gyongyosi, Laszlo and Imre, Sandor and Nguyen, Hung Viet},
   year={2018},
   pages={1149-1205}
}

@inbook{Wilde_2016,
   url={http://dx.doi.org/10.1017/9781316809976.001},
   DOI={10.1017/9781316809976.001},
   title={Quantum Information Theory},
   publisher={Cambridge University Press},
   author={Mark M. Wilde},
   year={2016},
   month=nov
}

@article{Smith_2008,
   title={Quantum Communication with Zero-Capacity Channels},
   volume={321},
   ISSN={1095-9203},
   url={http://dx.doi.org/10.1126/science.1162242},
   DOI={10.1126/science.1162242},
   number={5897},
   journal={Science},
   publisher={American Association for the Advancement of Science (AAAS)},
   author={Smith, Graeme and Yard, Jon},
   year={2008},
   month=sep, pages={1812–1815} }

@article{PhysRevLett.83.3081,
  title = {Entanglement-Assisted Classical Capacity of Noisy Quantum Channels},
  author = {Bennett, Charles H. and Shor, Peter W. and Smolin, John A. and Thapliyal, Ashish V.},
  journal = {Phys. Rev. Lett.},
  volume = {83},
  issue = {15},
  pages = {3081--3084},
  numpages = {0},
  year = {1999},
  month = {Oct},
  publisher = {American Physical Society},
  doi = {10.1103/PhysRevLett.83.3081},
  url = {https://link.aps.org/doi/10.1103/PhysRevLett.83.3081}
}

@article{PhysRevLett.78.3217,
  title = {Capacities of Quantum Erasure Channels},
  author = {Bennett, Charles H. and DiVincenzo, David P. and Smolin, John A.},
  journal = {Phys. Rev. Lett.},
  volume = {78},
  issue = {16},
  pages = {3217--3220},
  numpages = {0},
  year = {1997},
  month = {Apr},
  publisher = {American Physical Society},
  doi = {10.1103/PhysRevLett.78.3217},
  url = {https://link.aps.org/doi/10.1103/PhysRevLett.78.3217}
}

@article{Horodecki_1996,
   title={Separability of mixed states: necessary and sufficient conditions},
   volume={223},
   ISSN={0375-9601},
   url={http://dx.doi.org/10.1016/S0375-9601(96)00706-2},
   DOI={10.1016/s0375-9601(96)00706-2},
   number={1-2},
   journal={Physics Letters A},
   publisher={Elsevier BV},
   author={Horodecki, Michał and Horodecki, Paweł and Horodecki, Ryszard},
   year={1996},
   month=nov, pages={1-8}
}

@article{Horodecki_1997,
   title={Separability criterion and inseparable mixed states with positive partial transposition},
   volume={232},
   ISSN={0375-9601},
   url={http://dx.doi.org/10.1016/S0375-9601(97)00416-7},
   DOI={10.1016/s0375-9601(97)00416-7},
   number={5},
   journal={Physics Letters A},
   publisher={Elsevier BV},
   author={Horodecki, Pawel},
   year={1997},
   month=aug, pages={333-339}
}

@article{Smith_2008_Symmetric,
   title={The Quantum Capacity With Symmetric Side Channels},
   volume={54},
   ISSN={0018-9448},
   url={http://dx.doi.org/10.1109/TIT.2008.928269},
   DOI={10.1109/tit.2008.928269},
   number={9},
   journal={IEEE Transactions on Information Theory},
   publisher={Institute of Electrical and Electronics Engineers (IEEE)},
   author={Smith, Graeme and Smolin, John A. and Winter, Andreas},
   year={2008},
   month=sep, pages={4208-4217}
}

@article{Gyongyosi2012PropertiesOT,
  title={Properties of the Quantum Channel},
  author={Laszlo Gyongyosi and S{\'a}ndor Imre},
  journal={ArXiv},
  year={2012},
  volume={abs/1208.1270},
  url={https://api.semanticscholar.org/CorpusID:11482137}
}

@article{6773024,
  author={Shannon, C. E.},
  journal={The Bell System Technical Journal}, 
  title={A mathematical theory of communication}, 
  year={1948},
  volume={27},
  number={3},
  pages={379-423},
  keywords={},
  doi={10.1002/j.1538-7305.1948.tb01338.x}}

@article{PhysRevA.51.2738,
  title = {Quantum coding},
  author = {Schumacher, Benjamin},
  journal = {Phys. Rev. A},
  volume = {51},
  issue = {4},
  pages = {2738--2747},
  numpages = {0},
  year = {1995},
  month = {Apr},
  publisher = {American Physical Society},
  doi = {10.1103/PhysRevA.51.2738},
  url = {https://link.aps.org/doi/10.1103/PhysRevA.51.2738}
}

@misc{liQuantumInformation,
    title = {Quantum Information Theory Series - 17: Schumacher Compression},
    author = {Chih-Hsuan Li},
    url = {https://medium.com/@chs.li.work/quantum-information-theory-series-17-schumacher-compression-b2a0d68a4e0a}
}

@misc{jahooShannonsNoisy,
    title = {Shannon's Noisy Channel-Coding Theorem},
    author = {Anonymous},
    url = {https://jahoo.github.io/2020/12/16/noisy-channel-coding.html}
}
