@article{Gyongyosi_2018,
   title={A Survey on Quantum Channel Capacities},
   volume={20},
   ISSN={2373-745X},
   url={http://dx.doi.org/10.1109/COMST.2017.2786748},
   DOI={10.1109/comst.2017.2786748},
   number={2},
   journal={IEEE Communications Surveys \& Tutorials},
   publisher={Institute of Electrical and Electronics Engineers (IEEE)},
   author={Gyongyosi, Laszlo and Imre, Sandor and Nguyen, Hung Viet},
   year={2018},
   pages={1149-1205}
}

@inbook{Wilde_2016,
   url={http://dx.doi.org/10.1017/9781316809976.001},
   DOI={10.1017/9781316809976.001},
   title={Quantum Information Theory},
   publisher={Cambridge University Press},
   author={Mark M. Wilde},
   year={2016},
   month=nov
}

@article{Gyongyosi2012PropertiesOT,
  title={Properties of the Quantum Channel},
  author={Laszlo Gyongyosi and S{\'a}ndor Imre},
  journal={ArXiv},
  year={2012},
  volume={abs/1208.1270},
  url={https://api.semanticscholar.org/CorpusID:11482137}
}

@article{6773024,
  author={Shannon, C. E.},
  journal={The Bell System Technical Journal}, 
  title={A mathematical theory of communication}, 
  year={1948},
  volume={27},
  number={3},
  pages={379-423},
  keywords={},
  doi={10.1002/j.1538-7305.1948.tb01338.x}}

@article{PhysRevA.51.2738,
  title = {Quantum coding},
  author = {Schumacher, Benjamin},
  journal = {Phys. Rev. A},
  volume = {51},
  issue = {4},
  pages = {2738--2747},
  numpages = {0},
  year = {1995},
  month = {Apr},
  publisher = {American Physical Society},
  doi = {10.1103/PhysRevA.51.2738},
  url = {https://link.aps.org/doi/10.1103/PhysRevA.51.2738}
}

@misc{jahooShannonsNoisy,
    title = {Shannon's Noisy Channel-Coding Theorem},
    author = {Anonymous},
    url = {https://jahoo.github.io/2020/12/16/noisy-channel-coding.html}
}
